@article{zhang2014splitter,
  title={Splitter: Mining fine-grained sequential patterns in semantic trajectories},
  author={Zhang, Chao and Han, Jiawei and Shou, Lidan and Lu, Jiajun and La Porta, Thomas},
  journal={Proceedings of the VLDB Endowment},
  volume={7},
  number={9},
  pages={769--780},
  year={2014},
  publisher={VLDB Endowment}
}

@misc{sdbproject,
  author = {T. Dion, F. Dzaky Z.},
  title = {Splitter GUI},
  year = {2018},
  publisher = {GitHub},
  journal = {GitHub repository},
  howpublished = {\url{https://github.com/dzakybd/Datastream-project}}
}